<?xml version="1.0" encoding="UTF-8"?><collection xmlns="http://www.loc.gov/MARC21/slim"><record><leader>00331nam--2200121-i-4500</leader><controlfield tag="001">000038140</controlfield><controlfield tag="002">20161230</controlfield><controlfield tag="005">20161230201041</controlfield><controlfield tag="008">060222s1000------------r-----000-0-eng-d</controlfield><datafield ind1=" " ind2=" " tag="100"><subfield code="a">Reichenbach, Hans</subfield></datafield><datafield ind1=" " ind2=" " tag="245"><subfield code="a">Philosophic foundations of quantum mechanics</subfield></datafield><datafield ind1=" " ind2=" " tag="260"><subfield code="a">Berkeley, Univ.Of California Press, 1948, X + 182p</subfield></datafield><datafield ind1=" " ind2=" " tag="852"><subfield code="a">988</subfield></datafield></record></collection>